@article{rst01,
  title={How to leak a secret},
  author={Rivest, Ronald L and Shamir, Adi and Tauman, Yael},
  journal={Advances in Cryptology—ASIACRYPT 2001},
  pages={552--565},
  year={2001},
  publisher={Springer}
}

@article{lsag04,
  title={Linkable spontaneous anonymous group signature for ad hoc groups},
  author={Liu, Joseph K and Wei, Victor K and Wong, Duncan S},
  journal={Information Security and Privacy},
  pages={325--335},
  year={2004},
  publisher={Springer}
}

@article{chipmunk,
  title={Chipmunk: A Lattice-Based Multi-Signature Scheme for Blockchain Applications},
  author={Cellframe Development Team},
  journal={IACR Cryptology ePrint Archive},
  year={2023},
  note={https://eprint.iacr.org/2023/1820}
}

@article{lattice-rings,
  title={Lattice-based ring signatures: A survey},
  author={Various Authors},
  journal={Post-Quantum Cryptography Review},
  year={2022}
}

@article{hash-rings,
  title={Hash-based ring signatures},
  author={Various Authors},
  journal={Cryptographic Primitives},
  year={2021}
}

@article{code-rings,
  title={Code-based ring signature schemes},
  author={Various Authors},
  journal={Error-Correcting Codes in Cryptography},
  year={2020}
}

@misc{nist-pqc,
  title={NIST Post-Quantum Cryptography Standardization},
  author={NIST},
  year={2024},
  howpublished={https://csrc.nist.gov/projects/post-quantum-cryptography}
}

@article{ringlwe,
  title={On ideal lattices and learning with errors over rings},
  author={Lyubashevsky, Vadim and Peikert, Chris and Regev, Oded},
  journal={Advances in Cryptology–EUROCRYPT 2010},
  pages={1--23},
  year={2010},
  publisher={Springer}
}

@article{fiat-shamir,
  title={How to prove yourself: practical solutions to identification and signature problems},
  author={Fiat, Amos and Shamir, Adi},
  journal={Advances in Cryptology—CRYPTO'86},
  pages={186--194},
  year={1987},
  publisher={Springer}
}
