@article{rst01,
  title={How to leak a secret},
  author={Rivest, Ronald L and Shamir, Adi and Tauman, Yael},
  journal={Advances in Cryptology—ASIACRYPT 2001},
  pages={552--565},
  year={2001},
  publisher={Springer}
}

@article{lsag04,
  title={Linkable spontaneous anonymous group signature for ad hoc groups},
  author={Liu, Joseph K and Wei, Victor K and Wong, Duncan S},
  journal={Information Security and Privacy},
  pages={325--335},
  year={2004},
  publisher={Springer}
}

@article{chipmunk,
  title={Chipmunk: A Lattice-Based Multi-Signature Scheme for Blockchain Applications},
  author={Cellframe Development Team},
  journal={IACR Cryptology ePrint Archive},
  year={2023},
  note={https://eprint.iacr.org/2023/1820}
}

@article{lattice-rings,
  title={Lattice-based ring signatures: A survey},
  author={Various Authors},
  journal={Post-Quantum Cryptography Review},
  year={2022}
}

@article{hash-rings,
  title={Hash-based ring signatures},
  author={Various Authors},
  journal={Cryptographic Primitives},
  year={2021}
}

@article{code-rings,
  title={Code-based ring signature schemes},
  author={Various Authors},
  journal={Error-Correcting Codes in Cryptography},
  year={2020}
}

@misc{nist-pqc,
  title={NIST Post-Quantum Cryptography Standardization},
  author={NIST},
  year={2024},
  howpublished={https://csrc.nist.gov/projects/post-quantum-cryptography}
}

@article{ringlwe,
  title={On ideal lattices and learning with errors over rings},
  author={Lyubashevsky, Vadim and Peikert, Chris and Regev, Oded},
  journal={Advances in Cryptology–EUROCRYPT 2010},
  pages={1--23},
  year={2010},
  publisher={Springer}
}

@article{fiat-shamir,
  title={How to prove yourself: practical solutions to identification and signature problems},
  author={Fiat, Amos and Shamir, Adi},
  journal={Advances in Cryptology—CRYPTO'86},
  pages={186--194},
  year={1987},
  publisher={Springer}
}

@article{shor1997,
  title={Polynomial-time algorithms for prime factorization and discrete logarithms on a quantum computer},
  author={Shor, Peter W},
  journal={SIAM Journal on Computing},
  volume={26},
  number={5},
  pages={1484--1509},
  year={1997},
  publisher={SIAM}
}

@inproceedings{grover1996,
  title={A fast quantum mechanical algorithm for database search},
  author={Grover, Lov K},
  booktitle={Proceedings of the 28th Annual ACM Symposium on Theory of Computing},
  pages={212--219},
  year={1996},
  organization={ACM}
}

@misc{dilithium2021,
  title={CRYSTALS-Dilithium: Algorithm specifications and supporting documentation},
  author={Ducas, L{\'e}o and Kiltz, Eike and Lepoint, Tancr{\`e}de and Lyubashevsky, Vadim and Schwabe, Peter and Seiler, Gregor and Stehl{\'e}, Damien},
  year={2021},
  note={NIST PQC Round 3 Submission}
}

@misc{falcon2020,
  title={Falcon: Fast-Fourier lattice-based compact signatures over NTRU},
  author={Fouque, Pierre-Alain and Hoffstein, Jeffrey and Kirchner, Paul and Lyubashevsky, Vadim and Pornin, Thomas and Prest, Thomas and Ricosset, Thomas and Seiler, Gregor and Whyte, William and Zhang, Zhenfei},
  year={2020},
  note={NIST PQC Round 3 Submission}
}

@inproceedings{rivest2001,
  title={How to leak a secret},
  author={Rivest, Ronald L and Shamir, Adi and Tauman, Yael},
  booktitle={Proceedings of ASIACRYPT 2001},
  pages={552--565},
  year={2001},
  publisher={Springer}
}

@article{chipmunk2024,
  title={Chipmunk: A practical lattice-based signature scheme for post-quantum blockchain applications},
  author={Gerasimov, Dmitrii A},
  journal={Cellframe Technical Report},
  year={2024},
  note={Available at https://cellframe.net/}
}

@inproceedings{lyubashevsky2010,
  title={Lattice signatures without trapdoors},
  author={Lyubashevsky, Vadim},
  booktitle={Proceedings of EUROCRYPT 2012},
  pages={738--755},
  year={2012},
  publisher={Springer}
}

@article{regev2009,
  title={On lattices, learning with errors, random linear codes, and cryptography},
  author={Regev, Oded},
  journal={Journal of the ACM},
  volume={56},
  number={6},
  pages={1--40},
  year={2009},
  publisher={ACM}
}

@inproceedings{fiat1986,
  title={How to prove yourself: Practical solutions to identification and signature problems},
  author={Fiat, Amos and Shamir, Adi},
  booktitle={Proceedings of CRYPTO 1986},
  pages={186--194},
  year={1986},
  publisher={Springer}
}

@article{shamir1979,
  title={How to share a secret},
  author={Shamir, Adi},
  journal={Communications of the ACM},
  volume={22},
  number={11},
  pages={612--613},
  year={1979},
  publisher={ACM}
}

@misc{sha3-2015,
  title={SHA-3 Standard: Permutation-Based Hash and Extendable-Output Functions},
  author={NIST},
  year={2015},
  note={FIPS PUB 202}
}

@inproceedings{bertoni2013,
  title={Keccak},
  author={Bertoni, Guido and Daemen, Joan and Peeters, Micha{\"e}l and Van Assche, Gilles},
  booktitle={Proceedings of EUROCRYPT 2013},
  pages={313--314},
  year={2013},
  publisher={Springer}
}

@misc{cellframe2023,
  title={Technical whitepaper: Post-quantum blockchain platform},
  author={Cellframe Network},
  year={2023},
  note={Available at https://cellframe.net/}
}

@misc{dapsdk2024,
  title={Development documentation for decentralized application platform},
  author={DAP SDK},
  year={2024},
  note={Available at https://wiki.cellframe.net/}
}